<?xml version="1.0" encoding="UTF-8"?><collection xmlns="http://www.loc.gov/MARC21/slim"><record><leader>00459nam--2200121-i-4500</leader><controlfield tag="001">000032043</controlfield><controlfield tag="002">20161230</controlfield><controlfield tag="005">20161230201039</controlfield><controlfield tag="008">060222s1000------------r-----000-0-eng-d</controlfield><datafield ind1=" " ind2=" " tag="080"><subfield code="a">614.876</subfield></datafield><datafield ind1=" " ind2=" " tag="245"><subfield code="a">Manuel de protection contre les radiations dans l`industrie. partie 4. guide pour la protection contre les radiations ionisantes en radiographie, radioscopie et gammagraphie</subfield></datafield><datafield ind1=" " ind2=" " tag="260"><subfield code="a">Geneve, Bureau International Du Travail, 1964, Viii + 68p</subfield></datafield><datafield ind1=" " ind2=" " tag="852"><subfield code="a">18198</subfield></datafield></record></collection>